@article{StateTransitionTable,
	TITLE       = {Programming a State Transition Table},
	year    = 1998,
	month = 9,
	day = 27,
	note={Available at: http://teaching.idallen.com/cst8152/98w/prog\textunderscore trans\textunderscore tbl.html}
}